@misc{ mata26-terceiro-projeto-piloto,
        author = "Antonio A. S. Terceiro",
        title = "Verificando as Leis de Crescimento Contínuo e Complexidade Crescente em um projeto de software livre de pequeno porte",
        year = "2008",
        url = "https://disciplinas.dcc.ufba.br/pub/MATA26/TrabalhoTerceiro/mata26-terceiro-projeto-piloto.pdf",
        note = "[Online; acessado 15 de Janeiro de 2009]"
}

@misc{ IntroducaoExperimentacao,
        author = "Guilherme Horta Travassos",
        title = "Introdução à Engenharia de Software Experimental"
        year = "2002",
        url = "http://sergio.dsc.upe.br/es/IntroducaoExperimentacao.pdf",
        note = "[Online; acessado 18 de Janeiro de 2009]"
}
