@techreport{mata26-terceiro-projeto-piloto,
	address = {Salvador-BA-Brasil},
	institution = {DCC/UFBA},
	note = {[Online; acessado 15 de Janeiro de 2009]},
	Publisher = {DCC/UFBA},
	Url = {http://disciplinas.dcc.ufba.br/pub/MATA26/TrabalhoTerceiro/mata26-terceiro-projeto-piloto.pdf},
	author = {Terceiro, Antonio A. S.},
	title = {Verificando as Leis de Crescimento Cont{\'{i}}nuo e Complexidade Crescente em um projeto de software livre de pequeno porte},
	year = {2008},
	keywords = "Português, SLOC, Acoplamento, UFBA"
}

@techreport{introducaoExperimentacao,
	address = {RJ-Brasil},
	institution = {COPPE/UFRJ},
	note = {[Online; acessado 18 de Janeiro de 2009]},
	Publisher = {COPPE/UFRJ},
	Url = {http://sergio.dsc.upe.br/es/IntroducaoExperimentacao.pdf},
	author = {Travassos, Guilherme Horta},
	title = {Introdu{\c{c}}{\~{a}}o {\`{a}} Engenharia de Software Experimental},
	year = {2002},
	keywords = "Português, UFRJ"
}

@article{estudoPorEvidenciaEngSoftware,
	author = {Mafra, S{\^{o}}mulo Nogueira and Travassos, Guilherme Horta},
	title = {Estudos Prim{\'{a}}rios e Secund{\'{a}}rios apoiando a busca por Evid{\^{e}}ncia em Engenharia de Software},
	year = {2006},
	keywords = "Português"
}

@inproceedings{sourceVersusObjectCodeExtraction,
	booktitle = {Proceedings of the 12th Working Conference on Reverse Engineering (WCRE{'}05)},
	author = {Hassan, Ahmed E. and Jiang, Zhen Ming and Holt, Richard C.},
	title = {Source versus Object Code Extraction For Recovering Software Architecture},
	year = {2005},
	keywords = "Inglês"
}

@book{engenhariaDeSoftwarePressman,
	edition = {sexta},
	publisher = {Makron Books},
	author = {Pressman, Roger S.},
	title = {Engenharia de Software},
	year = {2005},
}

@Manual{WikipediaC++,
	Institution = {Wikimedia Foundation},
	Note = {[Online; acessado 24 de Mar{\c{c}}o de 2009]},
	Url = {http://pt.wikipedia.org/wiki/C++},
	author = {Wikipedia,},
	title = {C++},
	year = {2009},
}

@article{structuralComplexityEvolution,
	Institution = {Computer Science Department {--} Universidade Federal da Bahia},
	author = {Terceiro, Antonio and Chavez, Christina},
	title = {Structural Complexity Evolution in Free Software Projects: A Case Study},
	year = {2009},
	keywords = "Inglês"
}

@book{engenhariaDeSoftwarePeters,
	edition = {terceira},
	publisher = {Campus},
	author = {Peters, James F. and Pedryez, Witold},
	title = {Engenharia de Software - Teoria e Pr{\'{a}}tica},
	year = {2001},
}

@phdthesis{OntheModular,
	address = {Rio de Janeiro},
	month = {April},
	school = {Pontif{\'{i}}cia Universidade Cat{\'{o}}lica do Rio de Janeiro},
	author = {Cl{\'{a}}udio Nogueira Sant'Anna},
	title = {On the Modularity of Aspect-Oriented Design: A Concern-Driven Measurement Approach},
	year = {2008},
	keywords = "Métricas, LCOM, Coesão, Inglês, PUCRJ"
}

@techreport{monografiaAmadeu,
	address = {Salvador-Bahia},
	institution = {UFBA},
	note = {Acessado em 26 de Maio de 2009},
	url = {http://disciplinas.dcc.ufba.br/pub/MATA67/TrabalhosSemestre20071/monografiaAmadeu.pdf},
	author = {Amadeu J{\'{u}}nior},
	title = {ESTUDO E DESENVOLVIMENTO DE APLICACAO BIOMETRICA PARA AMBIENTE DE LARGA ESCALA},
	year = {2007},
	keywords = "UFBA, Monografia"
}

@techreport{monografiaDanielaFeitosa,
	address = {Salvador-Bahia},
	institution = {UFBA},
	author = {Daniela Soares Feitosa},
	title = {Um estudo sobre o impacto do uso de desenvolvimento orientado por testes na melhoria da qualidade de software- Daniela Feitosa},
	year = {2007},
	keywords = "UFBA, Português, Monografia"
}

@Article{MetricsandLa,
	title = {Metrics and Laws of SW Evolution - Nineties View - Lehman},
	keywords = "Métricas, Inglês"
}

@inproceedings{observationsOnLCOM,
	booktitle = {International Conference on Computer Systems and Technologies - CompSysTech{'}06},
	author = {Sami M{\"{a}}kel{\"{a}} and Ville Lepp{\"{a}}nen},
	title = {Observations on Lack of Cohesion Metrics - Sami and Ville},
	year = {2000},
}

@techreport{analysisOfLCOM,
	institution = {University of Alabama in Huntsville},
	url = {http://www.cs.uah.edu/tech-reports/TR-UAH-CS-1999-01.pdf},
	author = {Anuradha Lakshminarayana and Timothy S.Newman},
	title = {Principal Component Analysis of LCOM metrics - Anuradha and Timothy},
	year = {1998},
}

@inproceedings{measuringCouplingAndCohesion,
	address = {Monterrey, Mexico},
	booktitle = {Symposium on Applied Corporate Computing},
	institution = {University of Vienna},
	url = {http://www.isys.uni-klu.ac.at/PDF/1995-0043-MHBM.pdf},
	author = {Martin Hitz and Behzad Montazeri},
	title = {Measuring Coupling and Cohesion In Object-Oriented Systems},
	year = {2001},
	keywords = "Coesão, Acoplamento, Métricas, LCOM, Inglês"
}

@manual{projectAnalyzerCohesionMetrics,
	organisation = {Aivosto Oy},
	url = {http://www.aivosto.com/project/help/pm-oo-cohesion.html},
	title = {Project Metrics in Project Analyzer - Cohesion metrics},
	keywords = "LCOM, Inglês, Métricas"
}

@mastersthesis{aCritiqueOfCohesion,
	month = {March},
	school = {Michigan Technological University},
	url = {http://citeseerx.ist.psu.edu/viewdoc/download?doi=10.1.1.51.3710\&rep=rep1\&type=pdf},
	author = {Bindu S. Gupta},
	title = {A Critique of Cohesion Measures in the Object-Oriented Paradigm - Gupta},
	year = {1997},
}

